@INPROCEEDINGS{dyn1, 
	author={Dimitri P. Bertsekas}, 
	booktitle={}, 
	title={Dynamic Programming and Optimal Control Volume One}, 
	year={2017}, 
	volume={}, 
	number={}, 
	pages={}, 
	doi={}, 
	ISSN={}, 
	month={}
}
@INPROCEEDINGS{dyn2, 
	author={Dimitri P. Bertsekas}, 
	booktitle={}, 
	title={Dynamic Programming and Optimal Control Volume Two}, 
	year={2017}, 
	volume={}, 
	number={}, 
	pages={}, 
	doi={}, 
	ISSN={}, 
	month={}
}
@INPROCEEDINGS{mpcIn, 
	author={James B. Rawlings, 	David Q. Mayne, Moritz M. Diehl}, 
	booktitle={}, 
	title={Model Predictive Control: Theory, Computation, and Design}, 
	year={2012}, 
	volume={}, 
	number={}, 
	pages={}, 
	doi={}, 
	ISSN={}, 
	month={}
}
@INPROCEEDINGS{mpcIn2, 
	author={Jürgen Pannek, Lars Grüne}, 
	booktitle={}, 
	title={Nonlinear Model Predictive Control}, 
	year={2017}, 
	volume={}, 
	number={}, 
	pages={}, 
	doi={}, 
	ISSN={}, 
	month={}
}
@INPROCEEDINGS{npont, 
	author={Понтрягин Л.С. и др.}, 
	booktitle={}, 
	title={Математическая теория оптимальных процессов}, 
	year={1983}, 
	volume={}, 
	number={}, 
	pages={}, 
	doi={}, 
	ISSN={}, 
	month={}
}
@INPROCEEDINGS{ngab, 
	author={Р. Габасовa, О. И. Костюковаb}, 
	booktitle={}, 
	title={Синтез оптимальных обратных связей для систем с внутренними ограничениями на управление}, 
	year={1997}, 
	volume={}, 
	number={}, 
	pages={}, 
	doi={}, 
	ISSN={}, 
	month={}
}
@INPROCEEDINGS{nards, 
	 author={Tesauro G.}, 
	 booktitle={Neural Computation}, 
	 title={a Self-Teaching Backgammon Program, Achieves Master-Level Play}, 
	 year={1994}, 
	 volume={}, 
	 number={}, 
	 pages={215–219}, 
	 doi={6(2)}, 
	 ISSN={}, 
	 month={}
 }
@INPROCEEDINGS{rl1, 
	author={M. Leslie Pack Kaelbling}, 
	booktitle={Journal of Artificial Intelligence Research}, 
	title={Reinforcement Learning: A Survey}, 
	year={1996}, 
	volume={}, 
	number={}, 
	pages={237-285}, 
	doi={}, 
	ISSN={}, 
	month={}
}
@INPROCEEDINGS{rl2, 
	author={R. S. Sutton and A. G. Barto}, 
	booktitle={}, 
	title={Reinforcement Learning: An Introduction. Second Edition.}, 
	year={2016}, 
	volume={}, 
	number={}, 
	pages={}, 
	doi={}, 
	ISSN={}, 
	month={}
}
@INPROCEEDINGS{mpc, 
	author={Thomas Marlin, A.L. Warren}, 
	booktitle={Conference: American Control Conference}, 
	title={Constrained MPC under closed-loop}, 
	year={2004}, 
	volume={}, 
	number={}, 
	pages={}, 
	doi={}, 
	ISSN={}, 
	month={}
}
@INPROCEEDINGS{cem1, 
	author={ K. Chua, R. Calandra, R. McAllister, and S. Levine}, 
	booktitle={Advances in Neural Information Processing Systems}, 
	title={Deep reinforcement learning in a handful of trials using probabilistic dynamics
	models}, 
	year={2018}, 
	volume={}, 
	number={}, 
	pages={4754–4765}, 
	doi={}, 
	ISSN={}, 
	month={}
}
@INPROCEEDINGS{cem2, 
author={ Z. I. Botev, D. P. Kroese, R. Y. Rubinstein, and P. L’Ecuyer}, 
booktitle={Handbook of statistics}, 
title={The cross-entropy method for optimization}, 
year={2013}, 
volume={}, 
number={}, 
pages={35–59}, 
doi={}, 
ISSN={}, 
month={}
}
